<?xml version="1.0" encoding="UTF-8"?><collection xmlns="http://www.loc.gov/MARC21/slim"><record><leader>00420nam--2200157-i-4500</leader><controlfield tag="001">000024120</controlfield><controlfield tag="002">20161230</controlfield><controlfield tag="005">20170128181507</controlfield><controlfield tag="008">060222s1000------------r-----000-0-eng-d</controlfield><datafield ind1=" " ind2=" " tag="080"><subfield code="a">621.384.664</subfield></datafield><datafield ind1=" " ind2=" " tag="100"><subfield code="a">Jaklovsky, Jozef</subfield></datafield><datafield ind1=" " ind2=" " tag="245"><subfield code="a">Preparation of nuclear targets.. a comprehensive bibliography</subfield></datafield><datafield ind1=" " ind2=" " tag="260"><subfield code="a">New York</subfield><subfield code="b">Ifi/Plenum</subfield><subfield code="c">1981</subfield></datafield><datafield ind1=" " ind2=" " tag="300"><subfield code="a">VII + 324 p</subfield></datafield><datafield ind1=" " ind2=" " tag="852"><subfield code="a">D.1395</subfield></datafield><datafield ind1=" " ind2=" " tag="CAT"><subfield code="a">SYS</subfield><subfield code="c">20170128</subfield><subfield code="h">181507</subfield></datafield></record></collection>